@article{Dirac1953888,
  title   = "The lorentz transformation and absolute time",
  journal = "Physica ",
  volume  = "19",
  number  = "1-–12",
  pages   = "888--896",
  year    = "1953",
  doi     = "10.1016/S0031-8914(53)80099-6",
  author  = "P.A.M. Dirac"
}

@article{Feynman1963118,
  title   = "The theory of a general quantum system interacting with a linear dissipative system",
  journal = "Annals of Physics ",
  volume  = "24",
  pages   = "118--173",
  year    = "1963",
  doi     = "10.1016/0003-4916(63)90068-X",
  author  = "R.P Feynman and F.L {Vernon Jr.}"
}



@article{Weise2021,
  title   = "Long Life Learning: Preparing for Jobs that Don't Even Exist Yet",
  year="2021",
  author  = "Michelle R. Weise"

}


@article{ PorterandRivkin2014,
  title   = "An Economy Doing Half Its Job: Findings of Harvard Business School's 2013–14 Survey on
U.S. Competitiveness ",
  year= "2014",
  author  = "Michael E. Porter and Jan W. Rivkin"
}

@article{AmericanAAS2018,
  title   = "  The Future of
Undergraduate Education, The Future of America (Cambridge,
MA: Author, 2017)",
  year="2017",
  author  = "American Academy of Arts and Sciences"
     }
@article{Colin2018,
  title   = "  The State
of Workforce EdTech: A Look at Funding & Innovation in
Modern Workforce Education (Boston: LearnLaunch, 2018)",
  year= "2018",
  author  = "Colin Magee, Jean Hammond, and Tetyana Astashkina"
     }

  @article{Sohail2018,
    title   = "  Transformation 2050: The Alternative Futures of Malaysian Universities",
    year="2018",
    author  = "Sohail Inayatullah and Fazidah Ithnin"
     }

  @article{Coyle2021,
    title   = "  COGS and MONSTERS What Economics is, and What Should It Be",
    year= "2021",
    author  = "Diane Coyle"
     }
