@inproceedings{Brynjolfsson2011RaceAT,
  title={Race against the machine : how the digital revolution is accelerating innovation, driving productivity, and irreversibly transforming employment and the economy},
  author={Erik Brynjolfsson and Andrew P. McAfee},
  year={2011}
}

@article{Dirac1953888,
  title   = "The lorentz transformation and absolute time",
  journal = "Physica ",
  volume  = "19",
  number  = "1-–12",
  pages   = "888--896",
  year    = "1953",
  doi     = "10.1016/S0031-8914(53)80099-6",
  author  = "P.A.M. Dirac"
}

@article{Feynman1963118,
  title   = "The theory of a general quantum system interacting with a linear dissipative system",
  journal = "Annals of Physics ",
  volume  = "24",
  pages   = "118--173",
  year    = "1963",
  doi     = "10.1016/0003-4916(63)90068-X",
  author  = "R.P Feynman and F.L {Vernon Jr.}"
}



@book{Weise2020,
  title   = "Long Life Learning: Preparing for Jobs that Don't Even Exist Yet",
  year="2020",
  author  = "Michelle R. Weise",
  	publisher = {Wiley 1st edition }

}

@book{CrowDabars2020,
  title   = "The Emergence of the Fifth Wave in American Higher Education",
  year="2020",
  author  = "Crow, Michael M., and William B. Dabars",
  	publisher = {John Hopkins University }

}

@article{ PorterandRivkin2014,
  title   = "An Economy Doing Half Its Job: Findings of Harvard Business School's 2013–14 Survey on
U.S. Competitiveness ",
  year= "2014",
  author  = "Michael E. Porter and Jan W. Rivkin"
}

@article{AmericanAAS2018,
  title   = "  The Future of
Undergraduate Education, The Future of America (Cambridge,
MA: Author, 2017)",
  year="2017",
  author  = "American Academy of Arts and Sciences"
     }
@article{Colin2018,
  title   = "  The State
of Workforce EdTech: A Look at Funding & Innovation in
Modern Workforce Education (Boston: LearnLaunch, 2018)",
  year= "2018",
  author  = "Colin Magee, Jean Hammond, and Tetyana Astashkina"
     }

  @article{Sohail2018,
    title   = "  Transformation 2050: The Alternative Futures of Malaysian Universities",
    year="2018",
    author  = "Sohail Inayatullah and Fazidah Ithnin"
     }

  @article{Coyle2021,
    title   = "  COGS and MONSTERS What Economics is, and What Should It Be",
    year= "2021",
    author  = "Diane Coyle"
     }

@article{Chizea2022,
	title = {It has been argued that {\textquoteleft}blackness{\textquoteright} is a key site through which surveillance is practiced, narrated and enacted. In short, as S. Browne puts it: {\textquoteleft}Surveillance is nothing new to black folks. It is the fact of antiblackness{\textquoteright}. (S. Browne, Dark Matters, p.10)},
	author = {Chizea, Ogugua},
	year = {2022},
	month = {08},
	date = {2022-08-30},
	journal = {Kent Law Review},
	pages = {Vol 7 No 1 (2022): Kent Law Review},
	doi = {10.22024/UNIKENT/03/KLR.1092},
	url = {https://journals.kent.ac.uk/index.php/klr/article/view/1092},
	langid = {en}
}

@book{assessme2015,
	title = {Assessment and Teaching of 21st Century Skills},
	editor = {Griffin, Patrick and Care, Esther},
	year = {2015},
	date = {2015},
	publisher = {Springer Netherlands},
	doi = {10.1007/978-94-017-9395-7},
	url = {http://dx.doi.org/10.1007/978-94-017-9395-7}
}

@article{akdere2018,
	title = {Developing Leadership Competencies for STEM Fields: The Case of Purdue Polytechnic Leadership Academy},
	author = {Akdere, Mesut and Hickman, Louis and Kirchner, Michael},
	year = {2018},
	month = {12},
	date = {2018-12-05},
	journal = {Advances in Developing Human Resources},
	pages = {49--71},
	volume = {21},
	number = {1},
	doi = {10.1177/1523422318814546},
	url = {http://dx.doi.org/10.1177/1523422318814546},
	langid = {en}
}

@article{markle2013,
	title = {SYNTHESIZING FRAMEWORKS OF HIGHER EDUCATION STUDENT LEARNING OUTCOMES},
	author = {Markle, Ross and Brenneman, Meghan and Jackson, Teresa and Burrus, Jeremy and Robbins, Steven},
	year = {2013},
	month = {12},
	date = {2013-12},
	journal = {ETS Research Report Series},
	pages = {i--37},
	volume = {2013},
	number = {2},
	doi = {10.1002/j.2333-8504.2013.tb02329.x},
	url = {http://dx.doi.org/10.1002/j.2333-8504.2013.tb02329.x},
	langid = {en}
}

@article{Haque2022,
title = {Pakistan Opportunity To Excel: Now And The Future},
	author = {Haque, Nadeem. Ul. and Nayab, Dure},
	year    = "2022",
	journal = {Working Paper},
	url = {https://pide.org.pk/wp-content/uploads/um-07-pakistan-opportunity-to-excel-now-and-the-future.pdf},
	langid = {en}
}